@article{Wang2016,
    AUTHOR     = {John Wang and Edwin Olson},
    TITLE      = {AprilTag 2: Efficient and robust fiducial detection},
    JOURNAL  = {Proceedings of the IEEE/RSJ International Conference on Intelligent Robots and Systems (IROS)},
    YEAR       = {2016},
    MONTH      = {October},
}

@article{Czyzewski2018,
    AUTHOR     = {Maciej A. Czyzewski, Artur Laskowski, and Szymon Wasik},
    TITLE      = {Chessboard and Chess Piece Recognition With the Support of Neural Networks},
    JOURNAL    = {Computer Vision and Image Understanding},
    YEAR       = {2018},
    LINK	   = {https://arxiv.org/pdf/1708.03898.pdf},
}

@article{Orémuš2018,
    AUTHOR     = {Zoltán Orémuš},
    TITLE      = {Chess Position Recognition from a Photo},
    JOURNAL    = {Master Thesis},
    YEAR       = {2018},
    LINK	   = {https://is.muni.cz/th/meean/Master_Thesis.pdf},
}

@article{Saurabh2019,
    AUTHOR     = {Saurabh B},
    TITLE      = {Convert a physical chessboard into a digital one},
	JOURNAL	   = {https://tech.bakkenbaeck.com/post/chessvision},
    YEAR       = {2019},
    MONTH      = {November},
    LINK	   = {https://tech.bakkenbaeck.com/post/chessvision},
}

@book{Forsyth2002,
    AUTHOR     = {D. Forsyth and J. Ponce},
    TITLE      = {Computer Vision: A Modern Approach},
    PUBLISHER  = {Prentice Hall},
    YEAR       = {2002},
}